<?xml version="1.0" encoding="UTF-8"?>
<collection xmlns:xsi="http://www.w3.org/2001/XMLSchema-instance" xsi:schemaLocation="http://www.loc.gov/MARC21/slim http://www.loc.gov/standards/marcxml/schema/MARC21slim.xsd" xmlns="http://www.loc.gov/MARC21/slim">
<record>
  <leader>00650cam a22002171  4500</leader>
  <controlfield tag="001">3068503</controlfield>
  <controlfield tag="003">NNC</controlfield>
  <controlfield tag="005">20130426015254.0</controlfield>
  <controlfield tag="008">010820m19331938su            000 0 ara d</controlfield>
  <datafield tag="035" ind1=" " ind2=" ">
    <subfield code="a">(OCoLC)ocm47810204</subfield>
  </datafield>
  <datafield tag="035" ind1=" " ind2=" ">
    <subfield code="9">ATP0980CU</subfield>
  </datafield>
  <datafield tag="035" ind1=" " ind2=" ">
    <subfield code="a">(NNC)3068503</subfield>
  </datafield>
  <datafield tag="040" ind1=" " ind2=" ">
    <subfield code="a">ZCU</subfield>
    <subfield code="c">ZCU</subfield>
  </datafield>
  <datafield tag="099" ind1=" " ind2=" ">
    <subfield code="a">893.713</subfield>
    <subfield code="a">Az73</subfield>
  </datafield>
  <datafield tag="100" ind1="1" ind2=" ">
    <subfield code="a">Azraqī, Muḥammad ibn ʻAbd Allāh,</subfield>
    <subfield code="d">-approximately 865.</subfield>
  </datafield>
  <datafield tag="245" ind1="1" ind2="0">
    <subfield code="a">Akhbār Makka wa mā jāʾ fīhā min al-āthār.</subfield>
  </datafield>
  <datafield tag="260" ind1=" " ind2=" ">
    <subfield code="a">Makka,</subfield>
    <subfield code="b">al-Maṭb. al-Mājidīya,</subfield>
    <subfield code="c">1352-57 [1933-38]</subfield>
  </datafield>
  <datafield tag="300" ind1=" " ind2=" ">
    <subfield code="a">2 v. in 1.</subfield>
  </datafield>
  <datafield tag="651" ind1=" " ind2="0">
    <subfield code="a">Mecca (Saudi Arabia)</subfield>
  </datafield>
  <datafield tag="651" ind1=" " ind2="0">
    <subfield code="a">Mecca (Saudi Arabia)</subfield>
    <subfield code="x">History.</subfield>
  </datafield>
  <datafield tag="955" ind1=" " ind2=" ">
    <subfield code="b">CU58868704</subfield>
    <subfield code="d">off,glx</subfield>
    <subfield code="e">893.713 Az73</subfield>
  </datafield>
</record>
</collection>